@inproceedings{lasalle2013multi,
  title={Multi-threaded graph partitioning},
  author={LaSalle, Dominique and Karypis, George},
  ignore_booktitle={Parallel \& Distributed Processing (IPDPS), 2013 IEEE 27th International Symposium on},
  booktitle={IPDPS'13},
  pages={225--236},
  year={2013},
  organization={IEEE}
}
@inproceedings{abou2006multilevel,
  title={Multilevel algorithms for partitioning power-law graphs},
  author={Abou-Rjeili, Amine and Karypis, George},
  booktitle={IPDPS'06},
  pages={10--pp},
  year={2006},
  organization={IEEE}
}
@inproceedings{karypis2003multi,
  title={Multi-constraint mesh partitioning for contact/impact computations},
  author={Karypis, George},
  ignore_booktitle={Proceedings of the 2003 ACM/IEEE conference on Supercomputing},
  booktitle={Proc. SC'03},
  pages={56},
  year={2003},
  organization={ACM}
}
@inproceedings{yin2011geographical,
  title={Geographical topic discovery and comparison},
  author={Yin, Zhijun and Cao, Liangliang and Han, Jiawei and Zhai, Chengxiang and Huang, Thomas},
  ignore_booktitle={Proceedings of the 20th international conference on World wide web},
  booktitle={Proc. WWW'11},
  pages={247--256},
  year={2011},
  organization={ACM}
}
@inproceedings{hong2012discovering,
  title={Discovering geographical topics in the twitter stream},
  author={Hong, Liangjie and Ahmed, Amr and Gurumurthy, Siva and Smola, Alexander J and Tsioutsiouliklis, Kostas},
  ignore_booktitle={Proceedings of the 21st international conference on World Wide Web},
  booktitle={Proc. WWW'12},
  pages={769--778},
  year={2012},
  organization={ACM}
}
@inproceedings{eisenstein2010latent,
  title={A latent variable model for geographic lexical variation},
  author={Eisenstein, Jacob and O'Connor, Brendan and Smith, Noah A and Xing, Eric P},
  ignore_booktitle={Proceedings of the 2010 Conference on Empirical Methods in Natural Language Processing},
  booktitle={Proc. EMNLP'10},
  pages={1277--1287},
  year={2010},
  organization={Association for Computational Linguistics}
}
@inproceedings{teitler2008newsstand,
  title={NewsStand: A new view on news},
  author={Teitler, Benjamin E and Lieberman, Michael D and Panozzo, Daniele and Sankaranarayanan, Jagan and Samet, Hanan and Sperling, Jon},
  ignore_booktitle={Proceedings of the 16th ACM SIGSPATIAL international conference on Advances in geographic information systems},
  booktitle={Proc. GIS'08},
  pages={18},
  year={2008},
  organization={ACM}
}
@article{weng2011event,
  title={Event Detection in Twitter.},
  author={Weng, Jianshu and Lee, Bu-Sung},
  journal={ICWSM},
  volume={11},
  pages={401--408},
  year={2011}
}
@inproceedings{sayyadi2009event,
  title={Event Detection and Tracking in Social Streams.},
  author={Sayyadi, Hassan and Hurst, Matthew and Maykov, Alexey},
  booktitle={ICWSM},
  year={2009}
}
@inproceedings{watanabe2011jasmine,
  title={Jasmine: a real-time local-event detection system based on geolocation information propagated to microblogs},
  author={Watanabe, Kazufumi and Ochi, Masanao and Okabe, Makoto and Onai, Rikio},
  ignore_booktitle={Proceedings of the 20th ACM international conference on Information and knowledge management},
  booktitle={Proc. GIS'08},
  pages={2541--2544},
  year={2011},
  organization={ACM}
}
@inproceedings{aggarwal2012event,
  title={Event Detection in Social Streams.},
  author={Aggarwal, Charu C and Subbian, Karthik},
  booktitle={SDM},
  volume={12},
  pages={624--635},
  year={2012},
  organization={SIAM}
}
@article{bugel2013multilingual,
  title={Multilingual Analysis of Twitter News in Support of Mass Emergency Events},
  author={B{\"u}gel, Ulrich and Zielinski, Andrea},
  journal={International Journal of Information Systems for Crisis Response and Management},
  ignore_journal={IJISCRAM},
  volume={5},
  number={1},
  pages={77--85},
  year={2013},
  publisher={IGI Global}
}


@inproceedings{sakaki2010earthquake,
  title={Earthquake shakes Twitter users: real-time event detection by social sensors},
  author={Sakaki, Takeshi and Okazaki, Makoto and Matsuo, Yutaka},
  booktitle={Proceedings of the 19th international conference on World wide web},
  ignore_booktitle={Proc. WWW'10},
  pages={851--860},
  year={2010},
  organization={ACM}
}
@inproceedings{garcia2014detection,
  title={Detection of events through collaborative social network data},
  author={Garcia-Gasulla, Dario and Tejeda-G{\'o}mez, Arturo and Alvarez-Napagao, Sergio and Oliva-Felipe, Luis and V{\'a}zquez-Salceda, Javier},
  ignore_booktitle={The 6th International Workshop on Emergent Intelligence on Networked Agents},
  booktitle={WEIN'14},
  year={2014}
}
@inproceedings{rozenshtein2014event,
  title={Event detection in activity networks},
  author={Rozenshtein, Polina and Anagnostopoulos, Aris and Gionis, Aristides and Tatti, Nikolaj},
  ignore_booktitle={Proceedings of the 20th ACM SIGKDD international conference on Knowledge discovery and data mining},
  booktitle={Proc. KDD'14},
  pages={1176--1185},
  year={2014},
  organization={ACM}
}
@misc{worldgazetteer,
	howpublished = {http://archive.is/srm8P},
}
@article{girvan2002community,
	title={Community structure in social and biological networks},
	author={Girvan, Michelle and Newman, Mark EJ},
	journal={Proceedings of the National Academy of Sciences},        
	volume={99},
	number={12},
	pages={7821--7826},
	year={2002},
	publisher={National Acad Sciences}
}
@inproceedings{lappas2009burstiness,
	title={On burstiness-aware search for document sequences},
	author={Lappas, Theodoros and Arai, Benjamin and Platakis, Manolis and Kotsakos, Dimitrios and Gunopulos, Dimitrios},
	ignore_booktitle={Proceedings of the 15th ACM SIGKDD international conference on Knowledge discovery and data mining},
	booktitle={Proc. KDD'09},
	pages={477--486},
	year={2009},
	organization={ACM}
}
@inproceedings{ng1994cient,
  author    = {Ng, Raymond T and Han, Jiawei},
  title     = {Efficient and Effective Clustering Methods for Spatial Data Mining},
  booktitle = {Proc. VLDB'94},
  year      = {1994},
  pages     = {144-155}
}
@inproceedings{ester1996density,
  title={A density-based algorithm for discovering clusters in large spatial databases with noise.},
  author={Ester, Martin and Kriegel, Hans-Peter and Sander, J{\"o}rg and Xu, Xiaowei},
  booktitle={Proc. KDD'96},
  volume={96},
  pages={226--231},
  year={1996}
}
@article{rodriguez2014clustering,
  title={Clustering by fast search and find of density peaks},
  author={Rodriguez, Alex and Laio, Alessandro},
  journal={Science},
  volume={344},
  number={6191},
  pages={1492--1496},
  year={2014},
  publisher={American Association for the Advancement of Science}
  }
@inproceedings{cao2013analyzing,
  title={Analyzing the composition of cities using spatial clustering},
  author={Cao, Zechun and Wang, Sujing and Forestier, Germain and Puissant, Anne and Eick, Christoph F},
  ignore_booktitle={Proceedings of the 2nd ACM SIGKDD International Workshop on Urban Computing},
  booktitle={Proc. UrbComp'13},
  pages={14},
  year={2013},
  organization={ACM}
}
@article{fortunato2010community,
  title={Community detection in graphs},
  author={Fortunato, Santo},
  journal={Physics Reports},
  volume={486},
  number={3},
  pages={75--174},
  year={2010},
  publisher={Elsevier}
}
@article{lappas2012spatiotemporal,
  title={On the spatiotemporal burstiness of terms},
  author={Lappas, Theodoros and Vieira, Marcos R and Gunopulos, Dimitrios and Tsotras, Vassilis J},
  journal={Proceedings of the VLDB Endowment},
  volume={5},
  number={9},
  pages={836--847},
  year={2012},
  publisher={VLDB Endowment}
}

